@article{Brakmo1995,
author = {Brakmo, L.S. and Peterson, L.L.},
doi = {10.1109/49.464716},
issn = {07338716},
journal = {IEEE Journal on Selected Areas in Communications},
number = {8},
pages = {1465--1480},
title = {{TCP Vegas: end to end congestion avoidance on a global Internet}},
url = {http://ieeexplore.ieee.org/lpdocs/epic03/wrapper.htm?arnumber=464716},
volume = {13},
year = {1995}
}
@article{Casetti2002,
author = {Casetti, Claudio and Gerla, Mario and Mascolo, Saverio and Sanadidi, M},
journal = {Wireless Networks},
keywords = {bandwidth estimation,congestion control,wireless network},
number = {5091294},
pages = {467--479},
title = {{TCP Westwood: end-to-end bandwidth estimation for enhanced transport over wireless links}},
url = {http://citeseerx.ist.psu.edu/viewdoc/download?doi=10.1.1.18.7980\&amp;rep=rep1\&amp;type=pdf},
year = {2002}
}
@article{Casetti2002a,
author = {Casetti, Claudio and Gerla, Mario and Mascolo, Saverio and Sanadidi, MY and Wang, R.},
issn = {1022-0038},
journal = {Wireless Networks},
keywords = {bandwidth estimation,congestion control,wireless network},
number = {5},
pages = {467--479},
publisher = {Kluwer Academic Publishers},
title = {{TCP Westwood: end-to-end congestion control for wired/wireless networks}},
url = {http://portal.acm.org/citation.cfm?id=582460},
volume = {8},
year = {2002}
}
@article{Ferorelli2002,
author = {Ferorelli, R. and Grieco, L.a. and Mascolo, S. and Piscitelli, G. and Camarda, P.},
doi = {10.1109/GLOCOM.2002.1189097},
isbn = {0-7803-7632-3},
journal = {Global Telecommunications Conference, 2002. GLOBECOM '02. IEEE},
number = {1},
pages = {2583--2587},
publisher = {Ieee},
title = {{Live Internet measurements using Westwood+ TCP congestion control}},
url = {http://ieeexplore.ieee.org/lpdocs/epic03/wrapper.htm?arnumber=1189097},
volume = {1},
year = {2002}
}
@article{Gerla2004,
author = {Gerla, M},
doi = {10.1016/S0140-3664(03)00114-2},

issn = {01403664},
journal = {Computer Communications},
keywords = {1,bandwidth estimation,corresponding author,cs,e-mail addresses,edu,efficiency,fax,friendliness tradeoffs,gerla,introduction and related work,r,renwang,tel,ucla,wang,þ 1-310-206-8589,þ1-310-825-7578},
month = jan,
number = {1},
pages = {41--58},
title = {{TCP Westwood with adaptive bandwidth estimation to improve efficiency/friendliness tradeoffs}},
url = {http://linkinghub.elsevier.com/retrieve/pii/S0140366403001142},
volume = {27},
year = {2004}
}
@article{Gerla,
author = {Gerla, M. and Sanadidi, M.Y. and Zanella, a. and Casetti, C. and Mascolo, S.},
doi = {10.1109/GLOCOM.2001.965869},
isbn = {0-7803-7206-9},
journal = {GLOBECOM'01. IEEE Global Telecommunications Conference (Cat. No.01CH37270)},
pages = {1698--1702},
publisher = {Ieee},
title = {{TCP Westwood: congestion window control using bandwidth estimation}},
url = {http://ieeexplore.ieee.org/lpdocs/epic03/wrapper.htm?arnumber=965869}
}
@article{Gerlaa,
author = {Gerla, M and Lee, SS and Pau, G.},

journal = {Proceedings of SPECTS 2002},
publisher = {Citeseer},
title = {{TCP Westwood simulation studies in multiple-path cases}},
url = {http://citeseerx.ist.psu.edu/viewdoc/download?doi=10.1.1.18.4176\&amp;rep=rep1\&amp;type=pdf}
}
@article{Grieco2004,
author = {Grieco, LA},
doi = {10.1145/997150.997155},

issn = {01464833},
journal = {ACM SIGCOMM Computer Communication},
month = apr,
number = {2},
pages = {25},
title = {{Performance evaluation and comparison of Westwood+, New Reno, and Vegas TCP congestion control}},
url = {http://portal.acm.org/citation.cfm?id=997155},
volume = {34},
year = {2004}
}
@inproceedings{Mascolo2001,
author = {Mascolo, S and Casetti, C and Gerla, M and Sanadidi, M.Y. and Wang, R.},
booktitle = {Proceedings of the 7th annual international conference on Mobile computing and networking},

isbn = {1581134223},
pages = {287--297},
publisher = {ACM},
title = {{TCP westwood: Bandwidth estimation for enhanced transport over wireless links}},
url = {http://portal.acm.org/citation.cfm?id=381677.381704},
year = {2001}
}
@inproceedings{Mascolo2001a,
author = {Mascolo, Saverio and Casetti, C. and Gerla, Mario and Sanadidi, M.Y. and Wang, Ren},
booktitle = {Proceedings of the 7th annual international conference on Mobile computing and networking},

isbn = {1581134223},
pages = {287--297},
publisher = {ACM},
title = {{TCP westwood: Bandwidth estimation for enhanced transport over wireless links}},
url = {http://portal.acm.org/citation.cfm?id=381677.381704},
year = {2001}
}
@inproceedings{Mascolo,
author = {Mascolo, Saverio and Racanelli, Giuseppe},
booktitle = {Proc. PFLDnet},

publisher = {Citeseer},
title = {{Testing tcp westwood+ over transatlantic links at 10 gigabit/second rate}},
url = {http://citeseerx.ist.psu.edu/viewdoc/download?doi=10.1.1.71.571\&amp;rep=rep1\&amp;type=pdf},
volume = {5}
}
@article{Mo1999,
author = {Mo, J. and La, R.J. and Anantharam, V. and Walrand, J.},
doi = {10.1109/INFCOM.1999.752178},

isbn = {0-7803-5417-6},
journal = {IEEE INFOCOM '99. Conference on Computer Communications. Proceedings. Eighteenth Annual Joint Conference of the IEEE Computer and Communications Societies. The Future is Now (Cat. No.99CH36320)},
pages = {1556--1563 vol.3},
publisher = {Ieee},
title = {{Analysis and comparison of TCP Reno and Vegas}},
url = {http://ieeexplore.ieee.org/lpdocs/epic03/wrapper.htm?arnumber=752178},
year = {1999}
}
@article{Sikdar2003,
author = {Sikdar, B. and Kalyanaraman, S. and Vastola, K.S.},
doi = {10.1109/TNET.2003.820427},

issn = {1063-6692},
journal = {IEEE/ACM Transactions on Networking},
month = dec,
number = {6},
pages = {959--971},
title = {{Analytic models for the latency and steady-state throughput of tcp tahoe, reno, and sack}},
url = {http://ieeexplore.ieee.org/lpdocs/epic03/wrapper.htm?arnumber=1255433},
volume = {11},
year = {2003}
}
@article{Vallaa,
author = {Valla, M. and Sanadidi, M.Y. and Gerla, M.},
doi = {10.1109/GLOCOM.2002.1189101},

isbn = {0-7803-7632-3},
journal = {Global Telecommunications Conference, 2002. GLOBECOM '02. IEEE},
keywords = {adaptive,bandwidth share estimation,congestion control,friendliness and fairness,tcp westwood,wireless},
pages = {2604--2608},
publisher = {Ieee},
title = {{Adaptive bandwidth share estimation in TCP Westwood}},
url = {http://ieeexplore.ieee.org/lpdocs/epic03/wrapper.htm?arnumber=1189101}
}
@article{Valla,
author = {Valla, M. and Sanadidi, M.Y. and Ng, B.K.F. and Gerla, M.},
doi = {10.1109/ISCC.2002.1021694},

isbn = {0-7695-1671-8},
journal = {Proceedings ISCC 2002 Seventh International Symposium on Computers and Communications},
pages = {304--311},
publisher = {IEEE Comput. Soc},
title = {{Efficiency/friendliness tradeoffs in TCP Westwood}},
url = {http://ieeexplore.ieee.org/lpdocs/epic03/wrapper.htm?arnumber=1021694}
}
