@misc{tcpw,
  author       = {Mascolo},
  howpublished = {Website},
  title = {{TCPW+ congestion control}},
  NOTE         = {Available online at
                  \url{http://c3lab.poliba.it/index.php/Westwood};
                  visited on June 29th 2011.}
}

http://c3lab.poliba.it/index.php/Westwood

@inproceedings{Mascolo,
author = {Mascolo, Saverio and Racanelli, G.},
booktitle = {Proc. PFLDnet},
file = {:C$\backslash$:/Users/Hangmann/AppData/Local/Mendeley Ltd./Mendeley Desktop/Downloaded/Mascolo - Unknown - Testing tcp westwood over transatlantic links at 10 gigabitsecond rate.pdf:pdf},
publisher = {Citeseer},
title = {{Testing tcp westwood+ over transatlantic links at 10 gigabit/second rate}},
url = {http://citeseerx.ist.psu.edu/viewdoc/download?doi=10.1.1.71.571\&amp;rep=rep1\&amp;type=pdf},
volume = {5}
}
@article{Vallaa,
author = {Valla, M. and Sanadidi, M.Y. and Gerla, M.},
doi = {10.1109/GLOCOM.2002.1189101},
file = {:C$\backslash$:/Users/Hangmann/AppData/Local/Mendeley Ltd./Mendeley Desktop/Downloaded/Valla, Sanadidi, Gerla - Unknown - Adaptive bandwidth share estimation in TCP Westwood.pdf:pdf},
isbn = {0-7803-7632-3},
journal = {Global Telecommunications Conference, 2002. GLOBECOM '02. IEEE},
keywords = {adaptive,bandwidth share estimation,congestion control,friendliness and fairness,tcp westwood,wireless},
pages = {2604--2608},
publisher = {Ieee},
title = {{Adaptive bandwidth share estimation in TCP Westwood}},
url = {http://ieeexplore.ieee.org/lpdocs/epic03/wrapper.htm?arnumber=1189101}
}
@article{Gerlaa,
author = {Gerla, M and Lee, SS and Pau, G.},
file = {:C$\backslash$:/Users/Hangmann/AppData/Local/Mendeley Ltd./Mendeley Desktop/Downloaded/Gerla, Lee, Pau - Unknown - TCP Westwood simulation studies in multiple-path cases.pdf:pdf},
journal = {Proceedings of SPECTS 2002},
publisher = {Citeseer},
title = {{TCP Westwood simulation studies in multiple-path cases}},
url = {http://citeseerx.ist.psu.edu/viewdoc/download?doi=10.1.1.18.4176\&amp;rep=rep1\&amp;type=pdf}
}
@article{Valla,
author = {Valla, M. and Sanadidi, M.Y. and Ng, B.K.F. and Gerla, M.},
doi = {10.1109/ISCC.2002.1021694},
file = {:C$\backslash$:/Users/Hangmann/AppData/Local/Mendeley Ltd./Mendeley Desktop/Downloaded/Valla et al. - Unknown - Efficiencyfriendliness tradeoffs in TCP Westwood.pdf:pdf},
isbn = {0-7695-1671-8},
journal = {Proceedings ISCC 2002 Seventh International Symposium on Computers and Communications},
pages = {304--311},
publisher = {IEEE Comput. Soc},
title = {{Efficiency/friendliness tradeoffs in TCP Westwood}},
url = {http://ieeexplore.ieee.org/lpdocs/epic03/wrapper.htm?arnumber=1021694}
}
@article{Balakrishnan1998,
author = {Balakrishnan, H. and Padmanabhan, V.N.},
doi = {10.1109/INFCOM.1998.659661},
file = {:C$\backslash$:/Users/Hangmann/Documents/Studium/6. Semester/Rechnernetze ProS/Literatur/10.1.1.117.8087.pdf:pdf},
isbn = {0-7803-4383-2},
journal = {Joint Conference of},
number = {March},
pages = {252--262},
publisher = {Ieee},
title = {{TCP behavior of a busy Internet server: Analysis and improvements}},
url = {http://ieeexplore.ieee.org/xpls/abs\_all.jsp?arnumber=659661},
year = {1998}
}
@article{Mo1999,
author = {Mo, J. and La, R.J. and Anantharam, V. and Walrand, J.},
doi = {10.1109/INFCOM.1999.752178},
file = {:C$\backslash$:/Users/Hangmann/AppData/Local/Mendeley Ltd./Mendeley Desktop/Downloaded/Mo et al. - 1999 - Analysis and comparison of TCP Reno and Vegas.pdf:pdf},
isbn = {0-7803-5417-6},
journal = {IEEE INFOCOM '99. Conference on Computer Communications. Proceedings. Eighteenth Annual Joint Conference of the IEEE Computer and Communications Societies. The Future is Now (Cat. No.99CH36320)},
pages = {1556--1563 vol.3},
publisher = {Ieee},
title = {{Analysis and comparison of TCP Reno and Vegas}},
url = {http://ieeexplore.ieee.org/lpdocs/epic03/wrapper.htm?arnumber=752178},
year = {1999}
}
@inproceedings{Mascolo2001,
annote = {Gute TcP EInleitung, Bezug auf TCP Reno (PRobleme)
        
sch\"{a}tzsweise von tcp westwood
        
sender-site ... receiver site m\"{o}glich aber unpassend hier
        
umgang mit delayed und cumulative acks 
        
accountedfor = \#DupACKs
cumulACK = \#ACKS acked
        
algorithmen:
- n DUPACKs
- timeout verhalten
        
Simulationen:
+ transient behaviour
	- TCPW \& TCPW lossy
	- TCPR \& TCPR lossy
+ performance bei bursty traffic
	- TCPW; TCPR; TCPS
+ performance bei lossy links
        
        
        
end-to-end = durchgehend
measurement = Messung
rationale = begr\"{u}ndung
overly = \"{u}berma\ss ig
probe = testen
gradeually = fortschreitend
coarse = grob
expiration = Ablauf
exacerbate = erschweren
alleviate = erleichtern
merely = lediglich
infer = r\"{u}ckschlie\ss en
thus = demnach
cumulative = zunehmend
though = jedoch 
obtain = erreichen
albeit = obgleich
elicit = ausl\"{o}sen
flurry = hektische aktivit\"{a}t
verbatim = w\"{o}rtlich
versatility = vielseitigkeit},
author = {Mascolo, S and Casetti, C and Gerla, M and Sanadidi, M.Y. and Wang, R.},
booktitle = {Proceedings of the 7th annual international conference on Mobile computing and networking},
file = {:C$\backslash$:/Users/Hangmann/AppData/Local/Mendeley Ltd./Mendeley Desktop/Downloaded/Mascolo et al. - 2001 - TCP westwood Bandwidth estimation for enhanced transport over wireless links(2).pdf:pdf},
isbn = {1581134223},
pages = {287--297},
publisher = {ACM},
title = {{TCP westwood: Bandwidth estimation for enhanced transport over wireless links}},
url = {http://portal.acm.org/citation.cfm?id=381677.381704},
year = {2001}
}
@article{Ferorelli2002,
author = {Ferorelli, R. and Grieco, L.a. and Mascolo, S. and Piscitelli, G. and Camarda, P.},
doi = {10.1109/GLOCOM.2002.1189097},
file = {:C$\backslash$:/Users/Hangmann/AppData/Local/Mendeley Ltd./Mendeley Desktop/Downloaded/Ferorelli et al. - 2002 - Live Internet measurements using Westwood TCP congestion control.pdf:pdf},
isbn = {0-7803-7632-3},
journal = {Global Telecommunications Conference, 2002. GLOBECOM '02. IEEE},
number = {1},
pages = {2583--2587},
publisher = {Ieee},
title = {{Live Internet measurements using Westwood+ TCP congestion control}},
url = {http://ieeexplore.ieee.org/lpdocs/epic03/wrapper.htm?arnumber=1189097},
volume = {1},
year = {2002}
}
@article{Casetti2002a,
annote = {allgemeine form der algorithmen
herleitung der diskretisierung
tcpw fairness gegen reno
        
        
end-to-end = durchgehend
measurement = Messung
rationale = begr\"{u}ndung
overly = \"{u}berma\ss ig
probe = testen
gradeually = fortschreitend
coarse = grob
expiration = Ablauf
exacerbate = erschweren
alleviate = erleichtern
merely = lediglich
infer = r\"{u}ckschlie\ss en
thus = demnach
cumulative = zunehmend
though = jedoch 
obtain = erreichen
albeit = obgleich
elicit = ausl\"{o}sen
flurry = hektische aktivit\"{a}t
verbatim = w\"{o}rtlich
versatility = vielseitigkeit
however = dennoch},
author = {Casetti, Claudio and Gerla, Mario and Mascolo, Saverio and Sanadidi, MY and Wang, R.},
file = {:C$\backslash$:/Users/Hangmann/AppData/Local/Mendeley Ltd./Mendeley Desktop/Downloaded/Casetti et al. - 2002 - TCP Westwood end-to-end congestion control for wiredwireless networks.pdf:pdf},
issn = {1022-0038},
journal = {Wireless Networks},
keywords = {bandwidth estimation,congestion control,wireless network},
number = {5},
pages = {467--479},
publisher = {Kluwer Academic Publishers},
title = {{TCP Westwood: end-to-end congestion control for wired/wireless networks}},
url = {http://portal.acm.org/citation.cfm?id=582460},
volume = {8},
year = {2002}
}
@article{Sikdar2003,
author = {Sikdar, B. and Kalyanaraman, S. and Vastola, K.S.},
doi = {10.1109/TNET.2003.820427},
file = {:C$\backslash$:/Users/Hangmann/AppData/Local/Mendeley Ltd./Mendeley Desktop/Downloaded/Sikdar, Kalyanaraman, Vastola - 2003 - Analytic models for the latency and steady-state throughput of tcp tahoe, reno, and sack.pdf:pdf},
issn = {1063-6692},
journal = {IEEE/ACM Transactions on Networking},
month = dec,
number = {6},
pages = {959--971},
title = {{Analytic models for the latency and steady-state throughput of tcp tahoe, reno, and sack}},
url = {http://ieeexplore.ieee.org/lpdocs/epic03/wrapper.htm?arnumber=1255433},
volume = {11},
year = {2003}
}
@article{Gerla2004,
author = {Gerla, M},
doi = {10.1016/S0140-3664(03)00114-2},
file = {:C$\backslash$:/Users/Hangmann/AppData/Local/Mendeley Ltd./Mendeley Desktop/Downloaded/Gerla - 2004 - TCP Westwood with adaptive bandwidth estimation to improve efficiencyfriendliness tradeoffs.pdf:pdf},
issn = {01403664},
journal = {Computer Communications},
keywords = {1,bandwidth estimation,corresponding author,cs,e-mail addresses,edu,efficiency,fax,friendliness tradeoffs,gerla,introduction and related work,r,renwang,tel,ucla,wang,þ 1-310-206-8589,þ1-310-825-7578},
month = jan,
number = {1},
pages = {41--58},
title = {{TCP Westwood with adaptive bandwidth estimation to improve efficiency/friendliness tradeoffs}},
url = {http://linkinghub.elsevier.com/retrieve/pii/S0140366403001142},
volume = {27},
year = {2004}
}
@article{Mascolo2004,
author = {Mascolo, S},
doi = {10.1016/S0166-5316(03)00098-1},
file = {:C$\backslash$:/Users/Hangmann/AppData/Local/Mendeley Ltd./Mendeley Desktop/Downloaded/Mascolo - 2004 - Performance evaluation of Westwood TCP congestion control.pdf:pdf},
issn = {01665316},
journal = {Performance Evaluation},
keywords = {network emulation,network measurement,network simulation,tcp congestion control},
month = jan,
number = {1-2},
pages = {93--111},
title = {{Performance evaluation of Westwood+ TCP congestion control}},
url = {http://linkinghub.elsevier.com/retrieve/pii/S0166531603000981},
volume = {55},
year = {2004}
}
@article{Wang2005,
author = {Wang, R. and Yamada, K. and Sanadidi, M.Y. and Gerla, M.},
doi = {10.1109/JSAC.2004.839426},
file = {:C$\backslash$:/Users/Hangmann/AppData/Local/Mendeley Ltd./Mendeley Desktop/Downloaded/Wang et al. - 2005 - TCP with sender-side intelligence to handle dynamic, large, leaky pipes.pdf:pdf},
issn = {0733-8716},
journal = {Selected Areas in Communications, IEEE Journal on},
month = feb,
number = {2},
pages = {235--248},
publisher = {IEEE},
title = {{TCP with sender-side intelligence to handle dynamic, large, leaky pipes}},
url = {http://ieeexplore.ieee.org/xpls/abs\_all.jsp?arnumber=1391033},
volume = {23},
year = {2005}
}
@article{Grieco2005,
author = {Grieco, L A and Mascolo, S},
doi = {10.1049/ip-cta},
file = {:C$\backslash$:/Users/Hangmann/AppData/Local/Mendeley Ltd./Mendeley Desktop/Downloaded/Grieco, Mascolo - 2005 - Mathematical analysis of Westwood1 TCP congestion control.pdf:pdf},
journal = {Elettrotecnica},
number = {1},
pages = {35--42},
title = {{Mathematical analysis of Westwood1 TCP congestion control}},
volume = {152},
year = {2005}
}
@article{Kliazovich2006,
author = {Kliazovich, Dzmitry and Granelli, Fabrizio and Miorandi, Daniele},
doi = {10.1109/ICC.2006.254791},
file = {:C$\backslash$:/Users/Hangmann/AppData/Local/Mendeley Ltd./Mendeley Desktop/Downloaded/Kliazovich, Granelli, Miorandi - 2006 - TCP Westwood Enhancement in High-Speed Long-Distance Networks.pdf:pdf},
isbn = {1-4244-0354-5},
issn = {8164-9547},
journal = {2006 IEEE International Conference on Communications},
keywords = {CQ09-1:  TCP Westwood+ Enhancement in High-Speed L,congestion control,large bandwidth-delay product,networks,tcp performance,tcp westwood},
month = jun,
number = {2005093248},
pages = {710--715},
publisher = {Ieee},
title = {{TCP Westwood+ Enhancement in High-Speed Long-Distance Networks}},
url = {http://ieeexplore.ieee.org/lpdocs/epic03/wrapper.htm?arnumber=4024212},
volume = {00},
year = {2006}
}
@article{Delibasic2006,
author = {Deliba\v{s}i\'{c}, M. and Radusinovi\'{c}, I. and Veljovi\'{c}, Z.},
file = {:C$\backslash$:/Users/Hangmann/AppData/Local/Mendeley Ltd./Mendeley Desktop/Downloaded/Deliba\v{s}i\'{c}, Radusinovi\'{c}, Veljovi\'{c} - 2006 - Performance Evaluation of LogWestwood TCP in WiredWireless Networks.pdf:pdf},
journal = {confs.comelec.telecom-paristech.fr},
title = {{Performance Evaluation of LogWestwood+ TCP in Wired/Wireless Networks}},
url = {http://confs.comelec.telecom-paristech.fr/EW2007/papers/1569014804.pdf},
year = {2006}
}
